@article{witsenhausen1968counterexample,
  title={A counterexample in stochastic optimum control},
  author={Witsenhausen, Hans S},
  journal={SIAM Journal on Control},
  volume={6},
  number={1},
  pages={131--147},
  year={1968},
  publisher={SIAM}
}